@inproceedings{CorreaSZ19,
  author    = {Jos{\'{e}} R. Correa and
               Raimundo Saona and
               Bruno Ziliotto},
  editor    = {Timothy M. Chan},
  title     = {Prophet Secretary Through Blind Strategies},
  booktitle = {{SODA}},
  pages     = {1946--1961},
  publisher = {{SIAM}},
  year      = {2019},
  url       = {https://doi.org/10.1137/1.9781611975482.118},
  doi       = {10.1137/1.9781611975482.118},
  timestamp = {Tue, 12 Mar 2019 15:52:39 +0100},
  biburl    = {https://dblp.org/rec/conf/soda/CorreaSZ19.bib},
  bibsource = {dblp computer science bibliography, https://dblp.org}
}
